<record><leader>00000cas a2200000 i 4500</leader><controlfield tag="001">844946606</controlfield><controlfield tag="006">m     o  d        </controlfield><controlfield tag="007">cr |||||||||||</controlfield><controlfield tag="008">130529d19081924ksuwr neo     0   a0eng  </controlfield><datafield ind1=" " ind2=" " tag="010"><subfield code="a">  2013218781</subfield></datafield><datafield ind1=" " ind2=" " tag="040"><subfield code="a">DLC</subfield><subfield code="b">eng</subfield><subfield code="e">rda</subfield><subfield code="c">DLC</subfield><subfield code="d">DLC</subfield><subfield code="d">OCLCF</subfield></datafield><datafield ind1="0" ind2=" " tag="022"><subfield code="a">2329-244X</subfield><subfield code="2">1</subfield></datafield><datafield ind1="1" ind2=" " tag="029"><subfield code="a">NZ1</subfield><subfield code="b">15124451</subfield></datafield><datafield ind1=" " ind2=" " tag="042"><subfield code="a">pcc</subfield><subfield code="a">nsdp</subfield></datafield><datafield ind1=" " ind2=" " tag="043"><subfield code="a">n-us-ks</subfield></datafield><datafield ind1="1" ind2="0" tag="050"><subfield code="a">ISSN RECORD</subfield></datafield><datafield ind1="0" ind2="0" tag="082"><subfield code="a">071</subfield><subfield code="2">23</subfield></datafield><datafield ind1="0" ind2=" " tag="130"><subfield code="a">Hays free press (Online)</subfield></datafield><datafield ind1=" " ind2="4" tag="222"><subfield code="a">The Hays free press</subfield><subfield code="b">(Online)</subfield></datafield><datafield ind1="1" ind2="4" tag="245"><subfield code="a">The Hays free press.</subfield></datafield><datafield ind1=" " ind2="1" tag="264"><subfield code="a">Hays, Ellis County, Kansas :</subfield><subfield code="b">Harry Freese,</subfield><subfield code="c">1908-1924.</subfield></datafield><datafield ind1=" " ind2=" " tag="310"><subfield code="a">Weekly</subfield></datafield><datafield ind1=" " ind2=" " tag="336"><subfield code="a">text</subfield><subfield code="2">rdacontent</subfield></datafield><datafield ind1=" " ind2=" " tag="337"><subfield code="a">computer</subfield><subfield code="2">rdamedia</subfield></datafield><datafield ind1=" " ind2=" " tag="338"><subfield code="a">online resource</subfield><subfield code="2">rdacarrier</subfield></datafield><datafield ind1="1" ind2=" " tag="362"><subfield code="a">Began with volume XXVI, number 31 (June 13, 1908); ceased July 1, 1924.</subfield></datafield><datafield ind1=" " ind2=" " tag="500"><subfield code="a">Published by A.L. Clark &amp; Son, Jan. 17, 1914-July 1, 1924.</subfield></datafield><datafield ind1=" " ind2=" " tag="525"><subfield code="a">Has occasional supplements.</subfield></datafield><datafield ind1=" " ind2=" " tag="588"><subfield code="a">Description based on print version record.</subfield></datafield><datafield ind1=" " ind2=" " tag="588"><subfield code="a">Latest issue consulted: Vol. XLI, no. 47 (Oct. 26, 1922) (Chroniclingamerica.loc.gov, viewed May 29, 2013).</subfield></datafield><datafield ind1=" " ind2="0" tag="651"><subfield code="a">Hays (Kan.)</subfield><subfield code="v">Newspapers.</subfield></datafield><datafield ind1=" " ind2="7" tag="655"><subfield code="a">Newspapers.</subfield><subfield code="2">fast</subfield><subfield code="0">(OCoLC)fst01423814</subfield></datafield><datafield ind1=" " ind2="7" tag="651"><subfield code="a">Kansas</subfield><subfield code="z">Hays.</subfield><subfield code="2">fast</subfield><subfield code="0">(OCoLC)fst01216707</subfield></datafield><datafield ind1=" " ind2=" " tag="752"><subfield code="a">United States</subfield><subfield code="b">Kansas</subfield><subfield code="c">Ellis</subfield><subfield code="d">Hays.</subfield></datafield><datafield ind1="0" ind2="8" tag="776"><subfield code="i">Originally issued in print:</subfield><subfield code="t">Hays free press</subfield><subfield code="x">2329-2431</subfield><subfield code="w">(DLC)sn 84029690</subfield><subfield code="w">(OCoLC)11144900</subfield></datafield><datafield ind1="0" ind2="0" tag="780"><subfield code="t">Free press (Hays, Kan. Online)</subfield><subfield code="x">2329-2423</subfield><subfield code="w">(DLC)  2013218780</subfield><subfield code="w">(OCoLC)844946466</subfield></datafield><datafield ind1="0" ind2="7" tag="785"><subfield code="t">Ellis County news (Hays City, Kan. : 1915 : Online)</subfield></datafield><datafield ind1="0" ind2="7" tag="785"><subfield code="t">Ellis County news and the Hays free press (Online)</subfield></datafield><datafield ind1="4" ind2="0" tag="856"><subfield code="u">http://chroniclingamerica.loc.gov/lccn/sn84029690/issues</subfield></datafield></record>